@techreport{comscore,
	title = {{Digital Future in Focus}},
	group = {Comscore},
	year = {2015},
	institution = {Comscore Inc.},
	note = {\url{http://www.comscore.com/Insights/Presentations-and-Whitepapers/2015/2015-US-Digital-Future-in-Focus}},
	month = {03}
}

@techreport{research2guidance,
	title = {{Mobile Health Market Report 2013-2017}},
	group = {Research2Guidance},
	year = {2013},
	institution = {Research2Guidance},
	note = {\url{http://research2guidance.com/}},
	month = {03}
}

@techreport{marketsandmarkets,
	title = {{ Mobile health apps \& solutions market by connected devices (cardiac monitoring, diabetes management devices), health apps (exercise, weight loss, women’s health, sleep and meditation), medical apps (medical reference) – global trends \& forecast to 2018}},
	group = {MarketsAndMarkets},
	year = {2013},
	institution = {MarketsAndMarkets},
	note = {\url{http://marketsandmarkets.com/}},
	month = {09}
}
